<record><leader>00000cas a22000007a 4500</leader><controlfield tag="001">9743368</controlfield><controlfield tag="008">830727d18691869maudn ne      0    0eng d</controlfield><controlfield tag="009">3768</controlfield><datafield ind1=" " ind2=" " tag="010"><subfield code="a">sn 83021035 </subfield></datafield><datafield ind1=" " ind2=" " tag="040"><subfield code="a">NPX</subfield><subfield code="b">eng</subfield><subfield code="c">NPX</subfield><subfield code="d">OCLCQ</subfield></datafield><datafield ind1=" " ind2=" " tag="042"><subfield code="a">msc</subfield></datafield><datafield ind1=" " ind2=" " tag="043"><subfield code="a">n-us-ma</subfield></datafield><datafield ind1="0" ind2=" " tag="130"><subfield code="a">Daily sun (Worcester, Mass.)</subfield></datafield><datafield ind1="0" ind2="4" tag="245"><subfield code="a">The Daily sun.</subfield></datafield><datafield ind1=" " ind2=" " tag="260"><subfield code="a">Worcester, Mass. :</subfield><subfield code="b">Sun Pub. Co.,</subfield><subfield code="c">1869.</subfield></datafield><datafield ind1=" " ind2=" " tag="300"><subfield code="a">v. ;</subfield><subfield code="c">58 cm.</subfield></datafield><datafield ind1=" " ind2=" " tag="310"><subfield code="a">Daily (except Sun.)</subfield></datafield><datafield ind1="0" ind2=" " tag="362"><subfield code="a">Vol. 1, no. 1 (Oct. 18, 1869)-v. 1, no. 9 (Nov. 1, 1869).</subfield></datafield><datafield ind1=" " ind2=" " tag="500"><subfield code="a">"Democratic."</subfield></datafield><datafield ind1=" " ind2=" " tag="752"><subfield code="a">United States</subfield><subfield code="b">Massachusetts</subfield><subfield code="c">Worcester</subfield><subfield code="d">Worcester.</subfield></datafield></record>